@article{amin2018,
  title={Cumulative Inductive Types in Coq},
  author={Timany, Amin and Sozeau, Matthieu},
  journal={LIPIcs: Leibniz International Proceedings in Informatics},
  year=2018,
  publisher={Schloss Dagstuhl--Leibniz-Zentrum fuer Informatik}
}
